@inproceedings{ramshaw-marcus-1995-text,
    title = "Text Chunking using Transformation-Based Learning",
    author = "Ramshaw, Lance  and
      Marcus, Mitch",
    booktitle = "Third Workshop on Very Large Corpora",
    year = "1995",
    url = "https://aclanthology.org/W95-0107",
}
@misc{conll03,
    title = "Introduction to the CoNLL-2003 Shared Task: Language-Independent Named Entity Recognition",
    author = "Erik F. Tjong Kim Sang, Fien De Meulder"
}
@misc{ontonotes,
    title = "OntoNotes Release 5.0",
    author = "Ralph Weischedel, Martha Palmer, Mitchell Marcus and others",
    url = "https://catalog.ldc.upenn.edu/LDC2013T19",
    doi = "	https://doi.org/10.35111/xmhb-2b84"
}
@inproceedings{laffertyCrf,
  acmid = {655813},
  added-at = {2012-10-26T11:46:30.000+0200},
  address = {San Francisco, CA, USA},
  author = {Lafferty, John D. and McCallum, Andrew and Pereira, Fernando C. N.},
  biburl = {https://www.bibsonomy.org/bibtex/2180c5d6097317fa1b19ca8df75341230/jil},
  booktitle = {Proceedings of the Eighteenth International Conference on Machine Learning},
  description = {Conditional Random Fields},
  interhash = {574c59001ecc3aa04850e1751d96c137},
  intrahash = {180c5d6097317fa1b19ca8df75341230},
  isbn = {1-55860-778-1},
  keywords = {bias conditional crf field fields random state},
  numpages = {8},
  pages = {282--289},
  publisher = {Morgan Kaufmann Publishers Inc.},
  series = {ICML '01},
  timestamp = {2013-11-23T20:11:51.000+0100},
  title = {Conditional Random Fields: Probabilistic Models for Segmenting and Labeling Sequence Data},
  url = {http://dl.acm.org/citation.cfm?id=645530.655813},
  year = 2001
}
@misc{lample2016neural,
      title={Neural Architectures for Named Entity Recognition}, 
      author={Guillaume Lample and Miguel Ballesteros and Sandeep Subramanian and Kazuya Kawakami and Chris Dyer},
      year={2016},
      eprint={1603.01360},
      archivePrefix={arXiv},
      primaryClass={cs.CL}
}
@misc{spacyfig,
    title={{spaCy Usage Documentation - Fact \& Figures}},
    howpublished="\url{https://spacy.io/usage/facts-figures}"
}
@misc{spacyhugging,
    title={{spacy/en\_core\_web\_trf - HuggingFace}},
    howpublished="\url{https://huggingface.co/spacy/en_core_web_trf}"
}
@misc{stanzaperf,
    title={{Stanza - Model Performance}},
    howpublished="\url{https://stanfordnlp.github.io/stanza/performance.html}"
}
@misc{flair,
    title={{flairNLP/flair: A very simple framework for state-of-the-art Natural Language Processing (NLP)}},
    howpublished="\url{https://github.com/flairNLP/flair}"
}